@techreport{ccnx,
  title={CCNx 1.0 protocol architecture},
  author={Mosko, Marc and Solis, Ignacio and Uzun, Ersin and Wood, Christopher},
  year={2015}
}
@article{content,
  title={Content-centric networking},
  author={Oehlmann, Fabian},
  journal={Network},
  volume={43},
  year={2013}
}
@techreport{introccnx,
  title={Ccnx 1.0 protocol introduction},
  author={Mosko, Marc}
}
@ARTICLE {icntar,
    author = "Diegues, André and Teixeira, Fábio",
    title  = "Information Centric Networking",
    year   = "2016"
}